@inproceedings{Benabbou2016,
	author    = {Benabbou,Nawal and Di Sabatino Di Diodoro, Serena and Perny, Patrice and Viappiani,Paolo},
	title     = {Incremental Preference Elicitation in Multi-attribute Domains for
	Choice and Ranking with the Borda Count},
	booktitle = {Proc. of {SUM} 2016},
	pages     = {81--95},
	year      = {2016}
}

@book{colell_microeconomic_1995,
	title={Microeconomic Theory},
	author={Mas-Colell, Andreu and Whinston, Michael Dennis and Green, Jerry R},
	year={1995},
	isbn = {978-0-195-10268-0}
}

@Article{Boutilier2006,
	title = {Constraint-based optimization and utility elicitation using the minimax decision criterion},
	journal = {Artificial Intelligence},
	volume = {170},
	number = {8},
	pages = {686 - 713},
	year = {2006},
	doi = {10.1016/j.artint.2006.02.003},
	author = {Boutilier,Craig and Patrascu,Relu and Poupart,Pascal and Schuurmans,Dale}
}


@PhdThesis{Braziunas2012,
	author = {Braziunas, Darius},
	advisor = {Boutilier, Craig},
	title = {Decision-Theoretic Elicitation of Generalized Additive Utilities},
	year = {2012},
	publisher = {University of Toronto},
	url={dl.acm.org/doi/book/10.5555/2519022}
}

@InProceedings{Cailloux2014,
	Title = {Eliciting a Suitable Voting Rule via Examples},
	Author = {Cailloux,Olivier and Endriss,Ulle},
	Booktitle = {Proc. of {ECAI} 2014},
	Year = {2014},
	Pages = {183--188},
	Doi = {10.3233/978-1-61499-419-0-183},
}

@Article{Kalech2011,
	Title = {Practical voting rules with partial information},
	Author = {Kalech,Meir and Kraus,Sarit and Kaminka,Gal A. and Goldman,Claudia V.},
	Journal = {Autonomous Agents and Multi-Agent Systems},
	Year = {2011},
	Number = {1},
	Pages = {151--182},
	Volume = {22},
	doi = {10.1007/s10458-010-9133-6}
}

@InProceedings{Konczak05,
	Title = {Voting Procedures with Incomplete Preferences},
	Author = {Konczak,Kathrin and Lang,Jerome},
	Booktitle = {Proc. of IJCAI'05},
	Year = {2005},
	Pages = {124--129},
	url={www.eecs.harvard.edu/cs286r/courses/fall11/papers/KL05.pdf}
}

@Book{Kouvelis1997,
	Title = {Robust Discrete Optimization and Its Applications},
	Author = {Kouvelis, Panos and Yu, Gang},
	Publisher = {Kluwer},
	Year = {1997},
	Address = {Dordrecht}
}

@Article{Llamazares2016,
	Title                    = {Ranking Candidates Through Convex Sequences of Variable Weights},
	Author                   = {Llamazares, Bonifacio},
	Journal                  = {Group Decision and Negotiation},
	Year                     = {2016},
	Number                   = {3},
	Pages                    = {567--584},
	Volume                   = {25},
	doi = {10.1007/s10726-015-9452-8}
}

@Article{Llamazares2013,
	Title                    = {Aggregating preferences rankings with variable weights},
	Author                   = {Llamazares,Bonifacio and Pe{\~{n}}a,Teresa},
	Journal                  = {European Journal of Operational Research},
	Year                     = {2013},
	Number                   = {2},
	Pages                    = {348--355},
	Volume                   = {230},
	Doi                      = {10.1016/j.ejor.2013.04.013}
}

@inproceedings{Lu2011,
	author = {Lu, Tyler and Boutilier, Craig},
	year = {2011},
	pages = {287-293},
	title = {Robust Approximation and Incremental Elicitation in Voting Protocols},
	booktitle = {Proc. of IJCAI'11},
	doi = {10.5591/978-1-57735-516-8/IJCAI11-058}
}


@Article{Naamani-Dery2015,
	Title                    = {Preference Elicitation for Group Decisions Using the Borda Voting Rule},
	Author                   = {Naamani-Dery, Lihi and Golan, Inon and Kalech, Meir and Rokach, Lior},
	Journal                  = {Group Decision and Negotiation},
	Year                     = {2015},
	Number                   = {6},
	Pages                    = {1015--1033},
	Volume                   = {24},
	doi={10.1007/s10726-015-9427-9}
}

@Article{Pini2009,
	title={Aggregating partially ordered preferences},
	author={Pini, Maria Silvia and Rossi, Francesca and Venable, Kristen Brent and Walsh, Toby},
	journal={Journal of Logic and Computation},
	volume={19},
	number={3},
	pages={475--502},
	year={2009},
	doi={10.1093/logcom/exn012}
}

@Article{Salo2001,
	Title                    = {Preference Ratios in Multiattribute Evaluation {(PRIME)}--Elicitation and Decision Procedures under Incomplete Information},
	Author                   = {Salo, Ahti A. and H{\"a}m{\"a}l{\"a}inen,Raimo P.},
	Journal                  = {IEEE Trans. on Systems, Man and Cybernetics},
	Year                     = {2001},
	Number                   = {6},
	Pages                    = {533--545},
	Volume                   = {31},
	doi = {10.1109/3468.983411}
}

@Book{Savage1954,
	Title                    = {The Foundations of Statistics},
	Author                   = {Savage, Leonard J. },
	Publisher                = {Wiley},
	Year                     = {1954},
	Address                  = {New York}
}

@Article{Stein1994,
	Title                    = {A stochastic dominance analysis of ranked voting systems with scoring},
	Author                   = {Stein, William E. and Mizzi, Philip J. and Pfaffenberger, Roger C.},
	Journal                  = {European Journal of Operational Research},
	Year                     = {1994},
	Number                   = {1},
	Pages                    = {78 - 85},
	Volume                   = {74},
	Doi                      = {10.1016/0377-2217(94)90205-4},
}


@InProceedings{Viappiani2018,
	author={Viappiani, Paolo},
	title={Positional Scoring Rules with Uncertain Weights},
	booktitle= {Scalable Uncertainty Management},
	year={2018},
	pages={306--320},
	doi={10.1007/978-3-030-00461-3_21}
}

@inproceedings{Xia2008,
	author = {Xia, Lirong and Conitzer, Vincent},
	title = {Determining Possible and Necessary Winners under Common Voting Rules given Partial Orders},
	year = {2008},
	booktitle = {Proc. of AAAI'08},
	pages = {196–201},
	doi= {10.1613/jair.3186}
}

@inproceedings{Conitzer2005,
	author = {Conitzer, Vincent and Sandholm, Tuomas},
	title = {Communication Complexity of Common Voting Rules},
	year = {2005},
	doi = {10.1145/1064009.1064018},
	booktitle = {Proc. of EC'05},
	pages = {78–87}
}

@INPROCEEDINGS{Pini2007,
	author = {Pini, Maria Silvia and Rossi, Francesca and Venable, Kristen Brent and Walsh, Toby},
	title = {Incompleteness and Incomparability in Preference Aggregation},
	booktitle = {Proc. of IJCAI'07},
	year = {2007},
	pages = {1464-1469},
	doi = {10.1016/j.artint.2010.11.009}
}

@inproceedings{Walsh2007,
	author = {Walsh, Toby},
	title = {Uncertainty in Preference Elicitation and Aggregation},
	year = {2007},
	booktitle = {Proc. of AAAI'07},
	pages = {3–8},
	url = {dl.acm.org/doi/10.5555/1619645.1619648}
}

@inproceedings{Walsh2009,
	author = {Walsh, Toby},
	title = {Complexity of Terminating Preference Elicitation},
	year = {2008},
	booktitle = {Proc. of AAMAS'08},
	pages = {967–974},
	url ={dl.acm.org/doi/abs/10.5555/1402298.1402357}
}


@article{Conitzer2009,
	author = {Conitzer, Vincent},
	title = {Eliciting Single-Peaked Preferences Using Comparison Queries},
	year = {2009},
	volume = {35},
	number = {1},
	journal = {Journal of Artificial Intelligence Research},
	pages = {161–191},
	url={dl.acm.org/doi/10.5555/1641503.1641507}
}

@inproceedings{Dey2016,
	author = {Dey, Palash and Misra, Neeldhara},
	title = {Elicitation for Preferences Single Peaked on Trees},
	year = {2016},
	booktitle = {Proc. of IJCAI'16},
	pages = {215–221},
	url={www.ijcai.org/Proceedings/16/Papers/038.pdf}
}

@inproceedings{Dey2016_2,
	author={Dey,Palash and Misra,Neeldhara},
	title={Preference Elicitation for Single Crossing Domain},
	year={2016},
	pages={222-228},
	url={www.ijcai.org/Abstract/16/039},
	booktitle={Proc. of IJCAI'16}
}

@article{Dey2018,
	title = {Complexity of manipulation with partial information in voting},
	journal = {Theoretical Computer Science},
	volume = {726},
	pages = {78 - 99},
	year = {2018},
	doi = {10.1016/j.tcs.2018.03.012},
	author = {Dey,Palash and Misra,Neeldhara and Y. Narahari},
}

@inproceedings{Endriss2016,
	author = {Endriss, Ulle and Obraztsova, Svetlana and Polukarov, Maria and Rosenschein, Jeffrey S.},
	title = {Strategic Voting with Incomplete Information},
	year = {2016},
	booktitle = {Proc. of IJCAI'16},
	pages = {236–242},
	url={www.ijcai.org/Proceedings/16/Papers/041.pdf}
}

@article{Dey2018_2,
	title={Manipulative Elicitation - A New Attack on Elections with Incomplete Preferences},
	author={Palash Dey},
	journal={Theoretical Computer Science},
	year={2018},
	volume={731},
	pages={36-49},
	url = {www.sciencedirect.com/science/article/abs/pii/S0304397518302068}
}

@inproceedings{Elkind2012,
	author = {Elkind, Edith and Erd\'{e}lyi, G\'{a}bor},
	title = {Manipulation under Voting Rule Uncertainty},
	year = {2012},
	booktitle = {Proc. AAMAS'12},
	pages = {627–634},
	url={dl.acm.org/doi/10.5555/2343776.2343786}
}

@inproceedings{Conitzer2011,
	author={Conitzer, Vincent and Walsh,Toby and Xia,Lirong},
	title={Dominating Manipulations in Voting with Partial Information},
	year={2011},
	url={www.aaai.org/ocs/index.php/AAAI/AAAI11/paper/view/3706},
	booktitle={Proc. of AAAI'11},
}

@article{Lev2019,
	author = {Lev, Omer and Meir, Reshef and Obraztsova, Svetlana and Polukarov, Maria},
	year = {2019},
	pages = {2077-2084},
	title = {Heuristic Voting as Ordinal Dominance Strategies},
	volume = {33},
	journal = {Proc. of the AAAI'19},
	doi = {10.1609/aaai.v33i01.33012077}
}

@inproceedings{Annemieke2012,
	author = {Reijngoud, Annemieke and Endriss, Ulle},
	title = {Voter Response to Iterated Poll Information},
	year = {2012},
	booktitle = {Proc. of AAMAS'12},
	pages = {635–644},
	url={dl.acm.org/doi/10.5555/2343776.2343787}
}

@article{Giritligil2005,
	author = {Giritligil, Ayca and Sertel, Murat and Kara, Ayça},
	year = {2005},
	pages = {43-73},
	title = {Does majoritarian approval matter in selecting a social choice rule? An exploratory panel study},
	volume = {25},
	journal = {Social Choice and Welfare},
	doi = {10.1007/s00355-005-0024-8}
}

@inproceedings{Baumeister2019,
	author = {Baumeister, Dorothea and Hogrebe, Tobias},
	title = {Manipulative Design of Scoring Systems},
	year = {2019},
	booktitle = {Proc. of AAMAS'19},
	pages = {1814–1816},
	url = {dl.acm.org/doi/10.5555/3306127.3331928}
}

@inproceedings{PrefLib,
	author    = {Nicholas Mattei and Toby Walsh},
	title     = {PrefLib: A Library of Preference Data \textsc{preflib.org}},
	booktitle = {Proc. of ADT 2013},
	year      = {2013},
	url = {https://www.preflib.org/}
}

@book{Theil1967,
	title={Economics and Information Theory},
	author={Theil, H.},
	doi={10.2307/2230396},
	lccn={67004596},
	series={Studies in mathematical and managerial economics},
	year={1967},
	publisher={North-Holland Publishing Company}
}

@article{Schutz1951,
	ISSN = {00028282},
	URL = {http://www.jstor.org/stable/1815968},
	author = {Robert R. Schutz},
	journal = {The American Economic Review},
	number = {1},
	pages = {107--122},
	publisher = {American Economic Association},
	title = {On the Measurement of Income Inequality},
	volume = {41},
	year = {1951}
}


@article{Dalton1920,
author = {Dalton, Hugh},
title = "{The Measurement of the Inequality of Incomes}",
journal = {The Economic Journal},
volume = {30},
number = {119},
pages = {348-361},
year = {1920},
month = {09},
issn = {0013-0133},
doi = {10.2307/2223525},
eprint = {https://academic.oup.com/ej/article-pdf/30/119/348/27606296/ej0348.pdf},
}

@Article{Atkinson1970,
	author = {Anthony B Atkinson},
	title = {On the measurement of inequality},
	journal = {Journal of Economic Theory},
	volume = {2},
	number = {3},
	pages = {244 - 263},
	year = {1970},
	issn = {0022-0531},
	doi = {10.1016/0022-0531(70)90039-6},
}

@Article{Thomson1994,
  author    = {Thomson, William},
  journal   = {Handbook of game theory with economic applications},
  title     = {Cooperative models of bargaining},
  year      = {1994},
  pages     = {1237--1284},
  volume    = {2},
  publisher = {Elsevier},
  doi = {10.1016/B978-0-444-53766-9.09987-0},
}

@Article{Merlin2019,
  author = {Merlin, Vincent and {\"{O}}zkal Sanver, {\.{I}}pek and Sanver, M. Remzi},
  journal = {Group Decision and Negotiation},
  title  = {Compromise Rules Revisited},
  year   = {2019},
  issn   = {0926-2644},
  pages  = {63-78},
  volume = {28},
  doi    = {10.1007/s10726-018-9598-2},
}

@Article{Sertel1999,
  author = {Sertel, Murat R. and Yılmaz, Bilge},
  journal = {Social Choice and Welfare},
  title  = {The majoritarian compromise is majoritarian-optimal and subgame-perfect implementable},
  year   = {1999},
  issn   = {0176-1714},
  pages  = {615-627},
  volume = {16},
  doi    = {10.1007/s003550050164},
}

@Article{Nash1950,
  author = {Nash, John F.},
  journal = {Econometrica: Journal of the Econometric Society},
  title  = {The Bargaining Problem},
  year   = {1950},
  issn   = {0012-9682},
  pages  = {155},
  volume = {18},
  doi    = {10.2307/1907266},
}

@Article{Blackorby1984,
  author = {Blackorby,Charles and Donaldson, David and Weymark,John A.},
  journal = {International Economic Review},
  title  = {Social Choice with Interpersonal Utility Comparisons: A Diagrammatic Introduction},
  year   = {1984},
  issn   = {0020-6598},
  pages  = {327},
  volume = {25},
  doi    = {10.2307/2526200},
}

@Article{Chun1991,
  author = {Chun,Youngsub and Peters,Hans},
  journal = {Mathematical Social Sciences},
  title  = {The lexicographic equal-loss solution},
  year   = {1991},
  issn   = {0165-4896},
  pages  = {151-161},
  volume = {22},
  doi    = {10.1016/0165-4896(91)90004-b},
}

@Article{Brams2001,
  author   = {Brams, Steven J. and Kilgour,D. Marc},
  journal  = {Group Decision and Negotiation},
  title    = {Fallback Bargaining},
  year     = {2001},
  issn     = {1572-9907},
  month    = {Jul},
  number   = {4},
  pages    = {287--316},
  volume   = {10},
  day      = {01},
  doi      = {10.1023/A:1011252808608},
}

@Book{Sen2004,
  title={Rationality and Freedom},
  author = {Amartya Sen},
  isbn={9780674013513},
  lccn={2002074638},
  doi={10.2307/j.ctv1dv0td8},
  year={2004},
  publisher={Belknap Press of Harvard University Press}
}

@Article{Kalai1975,
  author    = {Kalai, Ehud and Smorodinsky,Meir},
  journal   = {Econometrica: Journal of the Econometric Society},
  title     = {Other solutions to Nash's bargaining problem},
  year      = {1975},
  pages     = {513--518},
  publisher = {[Wiley, Econometric Society]},
  title = {Other Solutions to Nash's Bargaining Problem},
  volume = {43},
  number = {3},
  doi = {10.2307/1914280},
}


@Article{Kalai1977,
  author    = {Kalai, Ehud},
  journal   = {Econometrica: Journal of the Econometric Society},
  title     = {Proportional solutions to bargaining situations: interpersonal utility comparisons},
  year      = {1977},
  pages     = {1623--1630},
  number = {7},
  pages = {1623--1630},
  publisher = {[Wiley, Econometric Society]},
  volume = {45},
  doi= {10.2307/1913954},
}

@Article{Kibris2007,
  author    = {Kibris,{\"{O}}zg{\"{u}}r and Sertel,Murat R.},
  journal   = {Social Choice and Welfare},
  title     = {Bargaining over a finite set of alternatives},
  year      = {2007},
  number    = {3},
  pages     = {421--437},
  volume    = {28},
  doi       = {10.1007/s00355-006-0178-z},
}

@Article{Congar2012,
  author  = {Congar, Ronan and Merlin, Vincent},
  journal = {Theory and Decision},
  title   = {A characterization of the maximin rule in the context of voting},
  year    = {2012},
  month   = {01},
  volume  = {72},
  doi     = {10.1007/s11238-010-9229-0},
}

@Article{OezkalSanver2004,
  author = {{\"{O}}zkal-Sanver,{\.{I}}pek and Sanver,M. Remzi},
  journal = {Group Decision and Negotiation},
  title  = {Efficiency in the Degree of Compromise: A New Axiom for Social Choice},
  year   = {2004},
  issn   = {0926-2644},
  pages  = {375-380},
  volume = {13},
  doi    = {10.1023/b:grup.0000042925.01972.ad},
}

@Article{Sertel1986,
  author  = {Sertel, Murat R.},
  journal = {Bo{\u{g}}azi{\c{c}}i University, {\.I}stanbul},
  title   = {Lecture notes on microeconomics (unpublished)},
  year    = {1986},
}

@Article{Bassett1999,
  author    = {Bassett, Gilbert W. and Persky, Joseph},
  journal   = {Public Choice},
  title     = {Robust voting},
  year      = {1999},
  number    = {3-4},
  pages     = {299--310},
  volume    = {99},
  publisher = {Springer},
  doi = {10.1023/A:1018324807861},
}

@Article{Gehrlein2003,
  author    = {Gehrlein,William V. and Lepelley,Dominique},
  journal   = {Public Choice},
  title     = {On Some Limitations of the Median Voting Rule},
  year      = {2003},
  issn      = {00485829, 15737101},
  number    = {1/2},
  pages     = {177--190},
  volume    = {117},
  publisher = {Springer},
  doi = {10.1023/A:1026147319249},
}

@Book{Nurmi1999,
  author    = {Nurmi,Hannu},
  publisher = {Springer},
  title     = {Voting paradoxes and how to deal with them},
  year      = {1999},
  isbn      = {978-3-540-66236-5},
  doi = {10.1007/978-3-662-03782-9},
}

@Article{Chun1988,
  author  = {Chun, Youngsub},
  journal = {Economics Letters},
  title   = {The equal-loss principle for bargaining problems},
  year    = {1988},
  number  = {2},
  pages   = {103-106},
  volume  = {26},
  doi     = {10.1016/0165-1765(88)90022-5},
}

@Article{Herrero2001,
  author  = {Herrero, Carmen and Villar, Antonio},
  journal = {Mathematical Social Sciences},
  title   = {The three musketeers: four classical solutions to bankruptcy problems},
  year    = {2001},
  number  = {3},
  pages   = {307-328},
  volume  = {42},
  doi     = {10.1016/S0165-4896(01)00075-0},
}

@Article{Clippel2014,
  author  = {Geoffroy de Clippel and Kfir Eliaz and Brian Knight},
  journal = {American Economic Review},
  title   = {On the Selection of Arbitrators},
  year    = {2014},
  issn    = {0002-8282},
  pages   = {3434-3458},
  volume  = {104},
  doi     = {10.1257/aer.104.11.3434},
}

@unpublished{Laslier2020,
	TITLE = {A solution to the two-person implementation problem},
	AUTHOR = {Laslier, Jean-Fran{\c c}ois and Nunez, Matias and Remzi Sanver, M},
	URL = {https://hal.archives-ouvertes.fr/halshs-02173504},
	NOTE = {working paper or preprint},
	HAL_LOCAL_REFERENCE = {PSE Working Papers n{\textdegree}2019-32},
	YEAR = {2020},
	MONTH = May,
	KEYWORDS = {Nash implementation ; Two players ; Pareto efficiency},
	HAL_ID = {halshs-02173504},
	HAL_VERSION = {v3},
}

@Article{Mariotti1998,
  author  = {Marco Mariotti},
  journal = {Social Choice and Welfare},
  title   = {Nash bargaining theory when the number of alternatives can be finite},
  year    = {1998},
  issn    = {0176-1714},
  pages   = {413-421},
  volume  = {15},
  doi     = {10.1007/s003550050114},
}

@Article{Nagahisa2002,
  author  = {Nagahisa, R. and Tanaka, M.},
  journal = {Social Choice and Welfare},
  title   = {An axiomatization of the Kalai-Smorodinsky solution when the feasible sets can be finite},
  year    = {2002},
  issn    = {0176-1714},
  pages   = {751-761},
  volume  = {19},
  doi     = {10.1007/s003550100150},
}

@Article{Erdelyi2015,
  author  = {Gábor Erdélyi and Michael R. Fellows and Jörg Rothe and Lena Schend},
  journal = {Journal of Computer and System Sciences},
  title   = {Control complexity in Bucklin and fallback voting: A theoretical analysis},
  year    = {2015},
  issn    = {0022-0000},
  pages   = {632-660},
  volume  = {81},
  doi     = {10.1016/j.jcss.2014.11.002},
}

@Article{Alker1964,
  author  = {Hayward R. Alker and Bruce M. Russett},
  journal = {BehavioralScience},
  title   = {On measuring inequality},
  year    = {1964},
  issn    = {0005-7940},
  pages   = {207-218},
  volume  = {9},
  doi     = {10.1002/bs.3830090302},
}

@Article{Allison1978,
  author  = {Paul D. Allison},
  journal = {American Sociological Review},
  title   = {Measures of Inequality},
  year    = {1978},
  issn    = {0003-1224},
  pages   = {865},
  volume  = {43},
  doi     = {10.2307/2094626},
}

@Article{Yntema1933,
  author  = {Dwight B. Yntema},
  journal = {Journal of the American Statistical Association},
  title   = {Measures of the Inequality in the Personal Distribution of Wealth or Income},
  year    = {1933},
  issn    = {0162-1459},
  pages   = {423-433},
  volume  = {28},
  doi     = {10.1080/01621459.1933.10503242},
}

@Book{Sen1973,
  author    = {Amartya Sen},
  publisher = {Clarendon Press},
  title     = {On Economic Inequality},
  year      = {1973},
  doi = {10.1093/0198281935.001.0001}
}

@Article{Rothschild1973,
  author  = {Michael Rothschild and Joseph E. Stiglitz},
  journal = {Journal of Eco-nomic Theory},
  title   = {Some further results on the measurement of inequality},
  year    = {1973},
  issn    = {0022-0531},
  pages   = {188-204},
  volume  = {6},
  doi     = {10.1016/0022-0531(73)90034-3},
}

@Article{Jackman1974,
  author  = {Robert W. Jackman},
  journal = {AmericanSociological Review},
  title   = {Political Democracy and Social Equality: A Comparative Analysis},
  year    = {1974},
  issn    = {0003-1224},
  pages   = {29},
  volume  = {39},
  doi     = {10.2307/2094274},
}

@Article{Rubinson1977,
  author  = {Richard Rubinson and Dan Quinlan},
  journal = {American Sociological Re-view},
  title   = {Democracy and Social Inequality: A Reanalysis},
  year    = {1977},
  issn    = {0003-1224},
  pages   = {611},
  volume  = {42},
  doi     = {10.2307/2094559},
}

@Article{Martin1971,
  author  = {J. David Martin and Louis N. Gray},
  journal = {American Sociological Review},
  title   = {Measurement of Relative Variation: Sociological Examples},
  year    = {1971},
  issn    = {0003-1224},
  pages   = {496},
  volume  = {36},
  doi     = {10.2307/2093089},
}

@Article{Ray1973,
  author  = {James Lee Ray and J. David Singer},
  journal = {Sociological Methods and Research},
  title   = {Measuring the Concentration of Power in the International System},
  year    = {1973},
  issn    = {0049-1241},
  pages   = {403-437},
  volume  = {1},
  doi     = {10.1177/004912417300100401},
}

@article{Bloom1986,
	title = {An Analysis of the Selection of Arbitrators},
	ISSN = {00028282},
	author = {David E. Bloom and Christopher L. Cavanagh},
	journal = {The American Economic Review},
	number = {3},
	pages = {408--422},
	publisher = {American Economic Association},
	volume = {76},
	year = {1986},
	doi= {10.1257/aer.104.11.3434},
}

@article{Werner2014,
	title = {More than thirty years of ultimatum bargaining experiments: Motives, variations, and a survey of the recent literature},
	journal = {Journal of Economic Behavior and Organization},
	volume = {108},
	pages = {396 - 409},
	year = {2014},
	issn = {0167-2681},
	doi = {10.1016/j.jebo.2014.06.006},
	author = {Güth, Werner and Kocher, Martin G. },
	keywords = {Ultimatum bargaining, Ultimatum game, Experiment, Social preferences},
}

@article{Barbera2020,
	author = {Barberà, Salvador and Coelho, Danilo},
	year = {2020},
	month = {08},
	pages = {},
	title = {Compromising on compromise rules},
	doi = {10.2139/ssrn.3567049}
}

@article{Sprumont1993,
	ISSN = {01761714, 1432217X},
	author = {Yves Sprumont},
	journal = {Social Choice and Welfare},
	number = {1},
	pages = {1--15},
	publisher = {Springer},
	title = {Intermediate preferences and Rawlsian arbitration rules},
	volume = {10},
	year = {1993},
	doi={10.1007/BF00187429}
}

@book{Moulin1983,
	author = {Moulin, Hervé},
	title = {The strategy of social choice},
	isbn = {0444863710},
	publisher = {North-Holland Pub. Co.},
	keywords = {Social choice -- Mathematical models},
	lccn = {83012203 //r84},
	series = {Advanced textbooks in economics ; 18},
	year = {1983},
	doi={10.1016/C2013-0-11866-1}
}

@article{Abreu1991,
	author = {Dilip Abreu and Arunava Sen},
	journal = {Econometrica},
	number = {4},
	pages = {997--1021},
	publisher = {[Wiley, Econometric Society]},
	title = {Virtual Implementation in Nash Equilibrium},
	volume = {59},
	year = {1991},
	doi={10.2307/2938171}
}

